Date,Sales
2/24/2003,2871
5/7/2003,2766
7/1/2003,3884
8/25/2003,3747
10/10/2003,5205
10/28/2003,3480
11/11/2003,2498
11/18/2003,5512
12/1/2003,2169
1/15/2004,4708
2/20/2004,3966
4/5/2004,2333
5/18/2004,3189
6/28/2004,3677
7/23/2004,4177
8/27/2004,4100
9/30/2004,2597
10/15/2004,4394
11/2/2004,4358
11/15/2004,4396
11/24/2004,7738
12/17/2004,1451
2/3/2005,733
3/3/2005,3207
4/8/2005,2435
5/13/2005,7516
1/29/2003,5405
3/24/2003,7209
5/28/2003,7329
7/24/2003,7374
9/19/2003,10994
10/20/2003,4860
11/6/2003,8015
11/13/2003,5373
11/25/2003,7290
12/5/2003,9065
1/29/2004,6075
3/10/2004,6463
5/4/2004,6120
6/15/2004,7681
7/19/2004,4905
8/17/2004,8015
9/8/2004,7136
10/11/2004,10173
10/21/2004,11624
11/4/2004,6000
11/18/2004,3003
11/29/2004,3945
12/10/2004,5692
1/20/2005,4515
2/17/2005,8255
3/9/2005,2417
5/1/2005,4140
5/31/2005,12001
2/24/2003,3896
4/29/2003,2794
7/1/2003,3308
8/25/2003,5193
10/10/2003,5017
10/28/2003,3661
11/11/2003,4696
11/18/2003,3661
12/1/2003,3026
1/12/2004,3009
2/20/2004,5422
4/3/2004,2852
5/18/2004,5757
6/28/2004,4472
7/23/2004,2904
8/27/2004,6485
9/27/2004,3757
10/15/2004,4044
11/2/2004,5567
11/15/2004,3176
11/23/2004,2757
12/17/2004,1330
2/2/2005,5288
3/3/2005,2226
4/7/2005,5834
5/13/2005,5887
2/24/2003,6066
4/29/2003,9265
7/1/2003,7024
8/25/2003,5176
10/10/2003,4133
10/28/2003,4183
11/11/2003,8893
11/18/2003,8715
12/1/2003,8066
1/12/2004,6123
2/20/2004,9774
4/5/2004,7024
5/18/2004,7078
6/28/2004,8337
7/23/2004,6902
8/27/2004,5438
9/30/2004,6683
10/15/2004,4570
11/2/2004,7667
11/15/2004,5868
11/23/2004,2990
1/5/2005,3664
2/2/2005,3834
3/3/2005,1822
4/8/2005,11887
5/13/2005,9218
2/11/2003,7208
4/28/2003,5005
6/12/2003,4398
8/10/2003,5598
10/6/2003,4526
10/23/2003,5924
11/8/2003,3492
11/14/2003,3854
11/26/2003,5324
1/9/2004,5198
2/19/2004,5998
5/7/2004,2910
6/17/2004,3378
7/21/2004,3509
8/20/2004,2992
9/10/2004,3427
10/14/2004,2693
11/1/2004,4129
11/5/2004,3052
11/21/2004,1201
12/2/2004,1962
12/15/2004,2625
1/31/2005,4046
2/23/2005,4847
3/17/2005,3371
4/1/2005,9661
5/6/2005,2765
1/29/2003,5398
4/1/2003,4305
5/28/2003,3348
7/24/2003,3188
9/19/2003,3191
10/21/2003,3537
11/6/2003,5363
11/13/2003,3433
11/25/2003,4264
12/9/2003,4076
2/4/2004,7020
3/11/2004,6427
5/4/2004,4592
6/15/2004,4033
7/19/2004,4302
8/19/2004,7021
9/8/2004,3856
10/13/2004,6681
10/22/2004,6678
11/4/2004,2852
11/19/2004,3188
11/29/2004,4428
12/10/2004,5781
1/20/2005,2297
2/17/2005,6232
3/9/2005,1735
5/1/2005,4428
5/31/2005,5895
3/3/2003,5265
5/8/2003,7600
7/2/2003,8009
9/5/2003,9246
10/10/2003,8296
11/4/2003,5020
11/12/2003,5411
11/20/2003,3841
12/2/2003,3930
1/15/2004,7499
2/22/2004,4518
4/9/2004,5775
6/1/2004,3923
7/6/2004,9160
8/2/2004,9631
8/30/2004,3432
10/4/2003,5522
10/16/2004,6935
11/3/2004,6876
11/15/2004,2930
11/24/2004,3584
1/6/2005,2818
2/3/2005,3420
3/3/2005,2575
5/17/2005,1961
2/11/2003,8690
4/16/2003,6034
6/3/2003,11279
8/8/2003,8023
9/28/2003,4904
10/22/2003,8595
11/6/2003,7475
11/14/2003,3884
11/26/2003,8888
1/2/2004,8603
2/12/2004,7181
3/19/2004,8379
5/5/2004,10606
7/20/2004,5818
8/20/2004,7071
9/9/2004,8412
10/14/2004,6571
10/22/2004,7975
11/5/2004,2688
11/20/2004,1888
11/1/2004,2513
12/15/2004,4764
1/23/2005,3561
2/17/2005,3824
3/17/2005,2281
5/5/2005,8678
1/29/2003,3395
3/26/2003,3415
5/28/2003,2440
7/24/2003,4830
9/19/2003,4100
10/21/2003,6563
11/6/2003,6817
11/13/2003,6164
11/25/2003,4934
12/5/2003,4056
2/2/2004,5759
3/11/2004,3451
5/4/2004,5920
6/15/2004,6668
7/19/2004,4095
8/19/2004,2939
9/8/2004,6388
10/11/2004,6396
10/22/2004,2669
11/4/2004,4784
11/18/2004,3274
11/29/2004,3586
12/10/2004,5960
1/20/2005,8470
2/17/2005,2952
3/9/2005,2465
5/1/2005,6232
5/31/2005,7969
2/24/2003,3037
5/7/2003,8284
7/1/2003,2711
8/25/2003,8340
10/10/2003,6239
11/4/2003,4639
11/11/2003,6748
11/18/2003,4512
12/1/2003,4029
1/15/2004,4772
2/21/2004,6088
4/5/2004,4193
5/18/2004,7552
6/28/2004,6434
8/2/2004,5182
8/27/2004,6864
9/30/2004,4157
10/15/2004,4660
11/3/2004,4112
11/15/2004,3543
11/24/2004,8119
1/5/2005,3877
2/3/2005,3867
3/3/2005,5951
4/8/2005,8649
5/13/2005,3448
1/31/2003,5959
4/16/2003,5912
6/3/2003,7366
8/8/2003,4986
9/28/2003,5394
10/22/2003,4880
11/6/2003,8379
11/14/2003,4038
11/26/2003,3807
1/2/2004,3142
2/12/2004,4714
3/15/2004,7016
5/5/2004,4381
7/20/2004,4283
8/20/2004,4365
9/9/2004,4242
10/14/2004,4983
10/22/2004,6394
11/5/2004,1467
11/20/2004,4059
11/1/2004,4802
12/10/2004,2712
1/26/2005,5862
2/17/2005,4072
5/5/2005,8237
3/3/2003,6130
5/8/2003,3693
7/2/2003,6032
9/5/2003,3495
10/11/2003,5294
11/4/2003,5465
11/12/2003,2861
11/20/2003,5590
12/2/2003,2255
1/16/2004,4947
2/22/2004,2496
4/9/2004,3167
6/1/2004,2403
7/6/2004,2455
8/2/2004,5465
8/30/2004,4757
10/4/2003,3985
10/16/2004,3100
11/3/2004,4850
11/15/2004,3847
11/24/2004,4221
1/6/2005,3289
2/8/2005,3987
3/3/2005,1810
5/17/2005,1092
2/11/2003,4566
4/16/2003,5938
6/3/2003,8139
8/8/2003,9471
9/28/2003,7037
10/22/2003,5559
11/6/2003,7873
11/14/2003,7886
11/26/2003,7232
1/2/2004,3114
2/12/2004,5045
3/19/2004,6952
5/5/2004,4158
7/20/2004,7962
8/20/2004,3779
9/9/2004,8253
10/14/2004,3633
10/22/2004,6914
11/5/2004,2584
11/20/2004,3106
12/1/2004,4409
12/15/2004,3042
1/26/2005,5942
2/17/2005,3242
3/23/2005,6109
5/5/2005,3388
3/3/2003,3486
5/8/2003,2043
7/2/2003,1800
9/5/2003,1341
10/10/2003,1762
11/4/2003,2298
11/12/2003,1628
11/20/2003,1939
12/2/2003,3652
1/15/2004,2592
2/22/2004,2864
4/9/2004,1484
6/1/2004,2254
7/6/2004,2681
8/2/2004,3184
8/30/2004,2847
10/4/2003,1685
10/16/2004,3989
11/3/2004,2790
11/15/2004,3608
11/24/2004,3368
1/6/2005,2775
2/9/2005,1628
3/3/2005,2529
5/17/2005,3066
1/31/2003,4616
4/4/2003,5724
6/3/2003,2560
8/1/2003,2140
9/21/2003,3328
10/22/2003,6826
11/6/2003,3543
11/14/2003,4516
11/25/2003,6445
12/9/2003,3384
2/10/2004,4892
3/11/2004,4522
5/5/2004,5070
6/15/2004,6541
7/20/2004,3012
8/19/2004,5247
9/8/2004,2215
10/13/2004,4773
10/22/2004,6186
11/5/2004,1518
11/20/2004,6373
12/1/2004,5233
12/10/2004,2695
1/23/2005,1750
2/17/2005,2131
5/3/2005,5951
5/31/2005,4693
3/3/2003,3731
5/8/2003,2142
7/2/2003,2839
9/5/2003,3230
10/11/2003,5182
11/4/2003,4391
11/12/2003,4477
11/20/2003,3545
12/2/2003,5196
1/16/2004,4180
2/22/2004,2684
4/12/2004,1959
6/1/2004,4911
7/6/2004,4468
8/4/2004,3128
8/30/2004,2675
10/4/2003,2808
10/16/2004,2505
11/4/2004,2985
11/15/2004,2525
11/24/2004,4136
1/6/2005,4069
2/9/2005,5182
3/3/2005,5244
4/14/2005,9048
5/17/2005,3833
1/29/2003,3920
3/26/2003,4917
5/28/2003,3857
7/24/2003,4181
9/19/2003,4641
10/21/2003,3570
11/6/2003,4480
11/13/2003,2034
11/25/2003,1960
12/5/2003,3967
1/29/2004,5152
3/10/2004,3360
5/4/2004,3451
6/15/2004,5453
7/19/2004,4164
8/17/2004,2800
9/8/2004,4688
10/11/2004,4508
10/21/2004,4181
11/4/2004,2251
11/18/2004,1167
11/29/2004,2083
12/10/2004,3822
1/20/2005,3911
2/17/2005,4704
3/9/2005,2468
5/1/2005,3213
5/31/2005,7182
3/10/2003,4379
5/8/2003,5005
7/4/2003,3645
9/11/2003,2702
10/17/2003,3765
11/5/2003,4508
11/12/2003,5418
11/20/2003,3301
12/2/2003,6182
1/16/2004,4187
2/22/2004,4529
4/13/2004,5629
6/1/2004,3054
7/6/2004,2527
8/6/2004,4668
8/30/2004,6499
10/5/2003,5918
10/16/2004,6232
11/4/2004,5803
11/17/2004,6434
11/24/2004,6454
12/9/2004,4197
1/7/2005,2612
2/9/2005,5895
3/4/2005,3376
4/15/2005,8375
5/17/2005,4464
1/10/2003,4808
3/25/2003,3289
5/21/2003,3255
7/16/2003,3185
9/12/2003,5908
10/18/2003,4389
11/5/2003,5036
11/12/2003,2183
11/21/2003,3107
12/3/2003,3736
1/29/2004,2413
3/2/2004,2954
4/29/2004,4685
6/8/2004,3249
8/17/2004,5240
9/3/2004,4568
10/11/2004,3535
10/21/2004,3843
11/4/2004,3711
11/17/2004,4376
11/29/2004,1517
12/9/2004,2509
1/20/2005,9240
2/16/2005,2515
3/9/2005,5549
5/30/2005,4873
1/10/2003,2056
3/25/2003,2355
5/28/2003,2310
7/16/2003,2113
9/12/2003,1747
10/18/2003,2304
11/5/2003,2122
11/12/2003,1742
11/21/2003,2455
12/3/2003,3053
1/29/2004,1423
3/2/2004,1504
4/29/2004,1164
6/8/2004,1501
8/17/2004,1557
9/3/2004,1346
10/11/2004,1795
10/21/2004,1105
11/4/2004,2365
11/17/2004,2427
11/29/2004,1238
12/9/2004,1593
1/20/2005,3156
2/17/2005,1321
3/9/2005,4998
5/30/2005,1294
3/18/2003,5433
5/20/2003,3074
7/10/2003,4380
9/11/2003,5849
10/17/2003,6154
11/5/2003,4965
11/12/2003,5436
11/20/2003,4258
12/2/2003,4032
1/16/2004,4492
2/26/2004,4161
4/13/2004,2509
6/1/2004,3375
7/6/2004,5197
8/6/2004,2605
9/1/2004,2937
10/5/2003,3425
10/16/2004,2923
11/4/2004,4490
11/17/2004,4849
11/24/2004,5849
1/12/2005,2759
2/10/2005,1450
4/22/2005,7048
5/17/2005,5203
2/17/2003,5279
4/28/2003,6916
6/16/2003,2782
8/10/2003,5248
10/6/2003,6531
10/23/2003,5764
11/8/2003,6491
11/14/2003,6005
11/27/2003,7484
1/12/2004,5720
2/19/2004,6954
5/11/2004,8160
6/24/2004,6568
7/21/2004,6724
8/21/2004,5748
9/15/2004,5677
10/14/2004,7380
11/1/2004,3704
11/10/2004,2805
11/22/2004,5625
12/3/2004,3881
1/31/2005,1611
3/1/2005,1364
3/30/2005,4215
4/1/2005,6434
5/10/2005,4352
1/6/2003,5151
3/18/2003,6069
5/21/2003,2856
9/12/2003,5375
10/18/2003,5177
11/5/2003,3509
11/12/2003,7555
11/21/2003,3142
12/2/2003,5891
1/26/2004,5967
3/2/2004,3713
4/13/2004,7597
8/17/2004,3669
9/1/2004,5875
10/6/2003,7310
10/21/2004,8078
11/17/2004,3258
11/25/2004,7650
1/12/2005,4704
2/10/2005,5400
4/22/2005,14083
5/29/2005,5284
3/3/2003,3131
5/8/2003,3112
7/2/2003,3807
9/5/2003,2142
10/11/2003,3365
11/4/2003,1263
11/12/2003,1626
11/20/2003,4089
12/2/2003,3846
1/16/2004,1340
2/22/2004,3040
4/12/2004,3400
6/1/2004,1930
7/6/2004,2465
8/6/2004,2635
8/30/2004,3625
10/4/2003,3788
10/16/2004,1833
11/4/2004,2906
11/15/2004,2955
11/24/2004,3600
1/6/2005,3687
2/9/2005,2101
3/3/2005,3882
4/14/2005,4509
5/17/2005,3273
3/10/2003,4433
5/8/2003,4101
7/4/2003,5275
9/11/2003,4232
10/17/2003,6145
11/5/2003,4680
11/12/2003,3286
11/20/2003,7421
12/2/2003,6433
1/16/2004,4841
2/26/2004,3892
4/13/2004,5526
6/1/2004,4460
7/6/2004,6203
8/6/2004,3754
8/30/2004,3516
10/5/2003,7488
10/16/2004,3448
11/4/2004,3734
11/17/2004,974
11/24/2004,3161
12/9/2004,1747
1/10/2005,4208
2/9/2005,4353
3/4/2005,1464
4/15/2005,7169
5/17/2005,4595
1/31/2003,3458
4/4/2003,7381
6/3/2003,7147
8/1/2003,5939
9/21/2003,7111
10/22/2003,5033
11/6/2003,3668
11/14/2003,7381
11/25/2003,5128
12/9/2003,7060
2/10/2004,8449
3/15/2004,7301
5/5/2004,6549
6/15/2004,5698
7/20/2004,9169
8/20/2004,3239
9/8/2004,4555
10/13/2004,3934
10/22/2004,5776
11/5/2004,7207
11/20/2004,7461
12/1/2004,6720
12/10/2004,2428
1/23/2005,2602
2/17/2005,2200
5/3/2005,6713
5/31/2005,5318
1/6/2003,3390
3/18/2003,1608
5/21/2003,2263
9/12/2003,1497
10/18/2003,1880
11/5/2003,1495
11/12/2003,2324
11/21/2003,2492
12/2/2003,1643
1/26/2004,1322
3/2/2004,1424
4/13/2004,2397
8/17/2004,1574
9/1/2004,1729
10/6/2004,2256
10/21/2004,1835
11/17/2004,3202
11/25/2004,2276
1/12/2005,8885
2/10/2005,1331
4/22/2005,3051
5/29/2005,2289
1/31/2003,3773
4/1/2003,4164
6/3/2003,6296
8/1/2003,6288
9/21/2003,5413
10/22/2003,5984
11/6/2003,5891
11/14/2003,5984
11/25/2003,3608
12/9/2003,5753
3/11/2004,3765
5/5/2004,2160
6/15/2004,3380
7/20/2004,5094
8/19/2004,5773
9/8/2004,4529
10/13/2004,4816
10/22/2004,3417
11/5/2004,1237
11/19/2004,5815
12/1/2004,5223
12/10/2004,728
1/20/2005,3949
2/22/2005,3844
5/3/2005,5498
5/31/2005,3778
1/9/2003,3782
3/18/2003,3860
5/21/2003,4432
9/12/2003,4950
10/18/2003,4300
11/5/2003,4493
11/12/2003,2212
11/21/2003,4643
12/2/2003,3206
1/26/2004,3604
3/2/2004,7018
4/26/2004,6154
8/17/2004,4751
9/1/2004,3823
10/11/2004,2441
10/21/2004,4729
11/4/2004,12537
11/17/2004,2264
11/25/2004,3928
12/9/2004,3630
1/12/2005,4196
2/16/2005,4932
3/4/2005,3069
4/23/2005,786
5/29/2005,4977
1/29/2003,1190
4/1/2003,3090
5/28/2003,2796
7/24/2003,2852
9/21/2003,2702
10/22/2003,2204
11/6/2003,2840
11/14/2003,2647
11/25/2003,3172
12/9/2003,2586
2/4/2004,2148
3/11/2004,1667
5/5/2004,1860
6/15/2004,1477
7/20/2004,1732
8/19/2004,1674
9/8/2004,1501
10/13/2004,2193
10/22/2004,1798
11/4/2004,2142
11/19/2004,2087
11/29/2004,6835
12/10/2004,2542
1/20/2005,2131
2/17/2005,1702
3/9/2005,1694
5/3/2005,2914
5/31/2005,935
2/17/2003,3073
4/29/2003,2082
6/27/2003,3394
8/25/2003,2560
10/28/2003,1490
1/12/2004,3844
2/20/2004,4725
4/2/2004,1825
5/11/2004,2669
6/28/2004,2844
7/23/2004,3164
8/21/2004,2226
9/16/2004,2070
10/15/2004,2235
11/2/2004,3116
11/10/2004,4782
11/23/2004,2811
12/4/2004,3516
2/2/2005,2909
3/1/2005,1570
3/30/2005,2614
4/3/2005,3193
5/10/2005,1483
2/24/2003,2055
4/29/2003,2675
7/1/2003,1853
8/25/2003,1490
10/10/2003,2162
10/28/2003,2814
11/11/2003,1605
11/18/2003,2093
12/1/2003,1944
1/12/2004,1987
2/20/2004,1696
4/3/2004,1282
5/18/2004,1774
6/28/2004,1998
7/23/2004,2353
8/27/2004,981
9/27/2004,1551
10/15/2004,1771
11/2/2004,2213
11/15/2004,5266
11/23/2004,1865
1/5/2005,1142
2/2/2005,1173
3/3/2005,6981
4/7/2005,3065
5/13/2005,2202
1/9/2003,3773
3/18/2003,5074
5/21/2003,6483
7/16/2003,7956
9/12/2003,4231
10/18/2003,7209
11/5/2003,3453
11/12/2003,3048
11/21/2003,3675
12/3/2003,7492
1/26/2004,9535
3/2/2004,5579
4/29/2004,5950
6/4/2004,3726
8/17/2004,4455
9/3/2004,8272
10/11/2004,3578
10/21/2004,3881
11/4/2004,5797
11/17/2004,1264
11/29/2004,4815
12/9/2004,4462
1/12/2005,3033
2/16/2005,991
3/4/2005,2031
5/29/2005,5434
3/10/2003,3157
5/20/2003,5161
7/10/2003,4347
9/11/2003,3528
10/17/2003,3188
11/5/2003,6023
11/12/2003,3885
11/20/2003,4966
12/2/2003,4170
1/16/2004,4910
2/26/2004,3231
4/13/2004,6853
6/1/2004,5177
7/6/2004,2825
8/6/2004,4324
8/30/2004,5053
10/5/2003,3223
10/16/2004,5279
11/4/2004,2851
11/17/2004,1687
11/24/2004,1308
1/10/2005,6145
2/10/2005,5127
4/22/2005,6386
5/17/2005,7696
1/29/2003,2243
3/24/2003,2540
5/28/2003,2795
7/16/2003,5546
9/19/2003,4285
10/20/2003,3329
11/6/2003,5592
11/13/2003,3299
11/21/2003,2610
12/5/2003,3336
1/29/2004,5510
3/10/2004,2504
4/29/2004,3526
6/14/2004,4407
7/19/2004,2983
8/17/2004,5126
9/8/2004,5714
10/11/2004,4614
10/21/2004,3711
11/4/2004,3525
11/18/2004,2795
11/29/2004,4814
12/10/2004,3572
1/20/2005,4581
2/17/2005,4320
3/9/2005,1448
5/30/2005,881
1/29/2003,2011
3/25/2003,1801
5/28/2003,3390
7/16/2003,1424
9/19/2003,1499
10/20/2003,3358
11/5/2003,1504
11/13/2003,2655
11/21/2003,1244
12/5/2003,1889
1/29/2004,1820
3/10/2004,2867
4/29/2004,1394
6/14/2004,2632
7/16/2004,2019
8/17/2004,2955
9/8/2004,1872
10/11/2004,1559
10/21/2004,1880
11/4/2004,1225
11/17/2004,2979
11/29/2004,2209
12/10/2004,3458
1/20/2005,1238
2/17/2005,2723
3/10/2005,2219
5/30/2005,1665
2/17/2003,3421
4/28/2003,1879
6/16/2003,3854
8/10/2003,3443
10/6/2003,3482
10/23/2003,3364
11/8/2003,3351
11/14/2003,2863
11/26/2003,4036
1/9/2004,2818
2/19/2004,4636
5/7/2004,1554
6/24/2004,2698
7/21/2004,3334
8/20/2004,2059
9/15/2004,2023
10/14/2004,2587
11/1/2004,1987
11/10/2004,1147
11/22/2004,2312
12/2/2004,2794
1/31/2005,1908
3/1/2005,3441
3/30/2005,2023
4/1/2005,2245
5/6/2005,3255
1/29/2003,2540
3/25/2003,4818
5/28/2003,2922
7/16/2003,1801
9/19/2003,2804
10/20/2003,4901
11/5/2003,2759
11/13/2003,2488
11/21/2003,2770
12/5/2003,3581
1/29/2004,5285
3/10/2004,3182
4/29/2004,3341
6/14/2004,3138
7/19/2004,4775
8/17/2004,3006
9/8/2004,2866
10/11/2004,2233
10/21/2004,4457
11/4/2004,2258
11/17/2004,1592
11/29/2004,4948
12/10/2004,5161
1/20/2005,1979
2/17/2005,4288
3/10/2005,2521
5/30/2005,1781
2/11/2003,3065
4/16/2003,3551
6/6/2003,5544
8/8/2003,6034
9/28/2003,3642
10/21/2003,6931
11/7/2003,3676
11/14/2003,3442
11/26/2003,6894
1/2/2004,2622
2/18/2004,4417
3/20/2004,3606
5/7/2004,3803
7/21/2004,5026
8/20/2004,6696
9/9/2004,2819
10/14/2004,3759
10/22/2004,2732
11/5/2004,1659
11/20/2004,5778
12/2/2004,5191
1/26/2005,3863
2/22/2005,1476
3/23/2005,5274
5/6/2005,4872
1/31/2003,4557
3/10/2003,8257
4/1/2003,8209
5/8/2003,3599
6/3/2003,3837
7/4/2003,8332
8/1/2003,4837
9/11/2003,5419
9/21/2003,3734
10/11/2003,3996
10/22/2003,8755
11/5/2003,5481
11/6/2003,4420
11/12/2003,6325
11/14/2003,4410
11/20/2003,3918
11/25/2003,7621
12/2/2003,8291
12/9/2003,3937
1/16/2004,5554
2/22/2004,6408
3/11/2004,4173
4/12/2004,7083
5/5/2004,7133
6/1/2004,6774
6/15/2004,3658
7/6/2004,4813
7/20/2004,3929
8/6/2004,6401
8/19/2004,4191
8/30/2004,5853
9/8/2004,2845
10/5/2003,4012
10/13/2004,7456
10/16/2004,8941
10/22/2004,4572
11/4/2004,5700
11/5/2004,3155
11/17/2004,4171
11/19/2004,2879
11/24/2004,5030
12/1/2004,7397
12/10/2004,2992
1/10/2005,6276
1/20/2005,1535
2/9/2005,7265
2/22/2005,6869
3/15/2005,3353
4/14/2005,8289
5/3/2005,11888
5/17/2005,5927
5/31/2005,3793
2/11/2003,4330
4/16/2003,2012
6/6/2003,4837
8/8/2003,2152
9/28/2003,2573
10/22/2003,5345
11/7/2003,3071
11/14/2003,3953
11/26/2003,3565
1/2/2004,5615
2/18/2004,1855
3/20/2004,4598
5/7/2004,5082
7/21/2004,5451
8/20/2004,4175
9/9/2004,2418
10/14/2004,3670
10/22/2004,2482
11/9/2004,3808
11/20/2004,2230
12/2/2004,3815
1/26/2005,2118
2/22/2005,3340
3/23/2005,2154
5/6/2005,5808
3/3/2003,1777
5/8/2003,1537
7/2/2003,3510
9/5/2003,3097
10/10/2003,1705
11/4/2003,2264
11/12/2003,2485
11/20/2003,3416
12/2/2003,2839
1/15/2004,2730
2/22/2004,3541
4/9/2004,3000
5/26/2004,1528
7/2/2004,3908
8/2/2004,2658
8/30/2004,3043
10/4/2003,3861
10/16/2004,2171
11/3/2004,3403
11/15/2004,2246
11/24/2004,1669
1/6/2005,2774
2/10/2005,2464
3/4/2005,5492
1/29/2003,4792
3/25/2003,4179
5/28/2003,3129
7/16/2003,3095
9/12/2003,3959
10/20/2003,4991
11/5/2003,2762
11/12/2003,2848
11/21/2003,2540
12/5/2003,2444
1/29/2004,4556
3/2/2004,3667
4/29/2004,3036
6/14/2004,2322
8/17/2004,3474
9/7/2004,2502
10/11/2004,3958
10/21/2004,3536
11/5/2004,3012
11/18/2004,11337
11/29/2004,2657
12/10/2004,2604
1/20/2005,3289
2/17/2005,8936
3/10/2005,4036
5/30/2005,1875
3/3/2003,4050
5/8/2003,2469
7/2/2003,5433
9/5/2003,4405
10/10/2003,3638
11/4/2003,4445
11/12/2003,3395
11/20/2003,3415
12/2/2003,5127
1/15/2004,3745
2/22/2004,4564
4/9/2004,6554
5/26/2004,6750
7/2/2004,8427
8/2/2004,3925
8/30/2004,6762
10/4/2003,3786
10/16/2004,6266
11/3/2004,3491
11/16/2004,4405
11/24/2004,6548
12/7/2004,3178
1/6/2005,4143
2/10/2005,4149
3/4/2005,7397
3/10/2003,6242
5/20/2003,5332
7/10/2003,5124
9/11/2003,3639
10/17/2003,5544
11/5/2003,5493
11/12/2003,5785
11/20/2003,5341
12/2/2003,5736
1/16/2004,6358
2/26/2004,7344
4/13/2004,5959
6/1/2004,4029
7/6/2004,5035
8/6/2004,4117
8/30/2004,4311
10/5/2003,6447
10/16/2004,3617
11/4/2004,4233
11/17/2004,1766
11/24/2004,3735
1/12/2005,4808
2/10/2005,2267
4/15/2005,10469
5/17/2005,5589
3/3/2003,2914
5/8/2003,1741
7/2/2003,2266
9/3/2003,3156
10/10/2003,1358
11/4/2003,2599
11/11/2003,1058
11/20/2003,3128
1/15/2004,2488
2/21/2004,2221
4/5/2004,1358
5/26/2004,1638
6/30/2004,2626
8/2/2004,1662
8/28/2004,2174
9/30/2004,2182
10/16/2004,2820
11/3/2004,2599
11/16/2004,2019
11/24/2004,1455
12/7/2004,1658
1/6/2005,2852
2/10/2005,4610
3/4/2005,5080
4/8/2005,1880
2/17/2003,4775
4/28/2003,2687
6/16/2003,3424
8/10/2003,3456
10/6/2003,3623
10/23/2003,3600
11/8/2003,5387
11/14/2003,4919
11/26/2003,2539
1/9/2004,2499
2/19/2004,3859
5/8/2004,5601
6/24/2004,4103
7/21/2004,4288
8/20/2004,5796
9/15/2004,1863
10/14/2004,4167
11/1/2004,4080
11/12/2004,3815
11/22/2004,5526
12/3/2004,3375
1/31/2005,3025
3/1/2005,1266
3/30/2005,4812
4/1/2005,7307
5/9/2005,6209
1/31/2003,5349
4/16/2003,2781
6/3/2003,3447
8/8/2003,3792
9/25/2003,4524
10/22/2003,3338
11/6/2003,5532
11/14/2003,5097
11/26/2003,4537
12/9/2003,6147
2/12/2004,8258
3/15/2004,7238
5/5/2004,6756
7/20/2004,3734
8/20/2004,4675
9/8/2004,7141
10/14/2004,3601
10/22/2004,4207
11/5/2004,5380
11/21/2004,5679
12/1/2004,4395
12/10/2004,2528
1/26/2005,7032
2/22/2005,5341
3/15/2005,6377
5/5/2005,6897
1/6/2003,1903
3/18/2003,2500
5/21/2003,3081
9/11/2003,3598
10/18/2003,3912
11/5/2003,1585
11/12/2003,3943
11/21/2003,2341
12/2/2003,2482
1/22/2004,3602
3/2/2004,3567
4/13/2004,3788
8/17/2004,3704
9/1/2004,2835
10/6/2003,3392
10/16/2004,3358
11/17/2004,7310
11/25/2004,2203
1/12/2005,2697
2/16/2005,3377
4/22/2005,541
5/29/2005,6135
2/11/2003,3383
4/16/2003,2241
6/6/2003,3963
8/8/2003,1685
9/28/2003,1834
10/21/2003,1917
11/7/2003,2611
11/14/2003,3630
11/26/2003,5091
1/2/2004,3950
2/18/2004,3492
3/20/2004,2059
5/7/2004,3170
6/17/2004,1791
7/21/2004,2346
8/20/2004,3581
9/9/2004,4946
10/14/2004,3526
10/29/2004,3602
11/9/2004,4301
11/21/2004,4498
12/2/2004,3023
1/26/2005,3562
2/22/2005,1640
3/23/2005,4739
5/6/2005,1208
1/29/2003,4228
4/1/2003,4815
5/28/2003,7083
7/24/2003,4601
9/19/2003,6467
10/21/2003,5013
11/6/2003,5122
11/13/2003,2441
11/25/2003,4262
12/9/2003,6658
2/4/2004,4509
3/11/2004,4716
5/4/2004,2390
6/15/2004,4667
7/19/2004,5383
8/19/2004,2482
9/8/2004,5289
10/13/2004,2184
10/22/2004,2882
11/5/2004,6203
11/19/2004,6763
11/29/2004,5885
12/10/2004,3560
1/20/2005,1668
2/17/2005,4891
5/1/2005,5236
5/31/2005,4325
1/29/2003,1939
3/26/2003,2491
5/28/2003,2315
7/24/2003,1255
9/19/2003,1283
10/21/2003,1346
11/6/2003,2194
11/13/2003,1972
11/25/2003,1836
12/5/2003,1120
1/29/2004,2083
3/11/2004,1570
5/4/2004,2694
6/15/2004,1257
7/19/2004,2568
8/19/2004,2634
9/8/2004,1503
10/11/2004,1676
10/21/2004,2217
11/5/2004,6832
11/18/2004,1917
11/1/2004,7111
12/10/2004,5303
1/20/2005,2730
2/17/2005,7827
5/1/2005,2095
5/31/2005,1557
3/3/2003,5565
5/8/2003,3583
7/2/2003,4705
9/3/2003,4445
10/10/2003,4619
11/4/2003,4910
11/11/2003,5565
11/20/2003,4238
1/15/2004,5674
2/22/2004,5260
4/9/2004,6351
5/26/2004,3559
6/30/2004,2411
8/2/2004,5714
8/30/2004,4300
9/30/2004,7947
10/16/2004,5357
11/3/2004,7901
11/16/2004,6101
11/24/2004,6276
12/7/2004,4204
1/6/2005,1629
2/10/2005,3290
3/4/2005,6863
3/18/2003,2574
5/21/2003,1328
9/11/2003,2356
10/17/2003,2014
11/5/2003,2807
11/12/2003,3073
11/21/2003,1907
12/2/2003,3432
1/22/2004,2085
3/2/2004,2136
4/13/2004,2010
7/7/2004,2720
8/9/2004,1575
9/1/2004,1688
10/6/2003,1672
10/16/2004,1675
11/17/2004,3473
11/25/2004,1649
1/12/2005,3751
2/16/2005,4536
4/22/2005,4421
5/29/2005,2078
3/18/2003,3069
5/21/2003,1714
9/11/2003,1507
10/17/2003,2692
11/5/2003,2422
11/12/2003,3488
11/20/2003,2583
12/2/2003,1249
1/16/2004,3375
2/26/2004,1265
4/13/2004,1681
7/7/2004,3204
8/9/2004,2399
9/1/2004,2381
10/5/2003,1945
10/16/2004,2274
11/4/2004,2117
11/17/2004,1307
11/25/2004,1726
1/12/2005,1268
2/16/2005,3442
4/22/2005,1987
5/29/2005,3880
1/31/2003,1942
4/4/2003,3260
6/3/2003,1214
8/1/2003,1087
9/25/2003,1633
10/22/2003,1734
11/6/2003,1857
11/14/2003,1863
11/25/2003,2925
12/9/2003,2294
2/12/2004,1458
3/15/2004,1956
5/5/2004,2314
6/15/2004,1311
7/20/2004,2913
8/20/2004,1358
9/8/2004,2150
10/13/2004,2783
10/22/2004,2340
11/5/2004,1729
11/20/2004,5972
12/1/2004,2275
12/10/2004,2673
1/23/2005,2432
2/22/2005,2019
3/15/2005,1559
5/3/2005,1105
5/31/2005,2575
2/24/2003,2846
4/29/2003,3432
7/1/2003,3274
8/25/2003,4119
10/10/2003,5356
10/28/2003,5748
11/11/2003,5355
11/18/2003,2536
12/1/2003,4351
1/15/2004,2254
2/20/2004,2921
4/5/2004,2299
5/18/2004,2637
6/28/2004,4308
7/23/2004,2154
8/27/2004,3717
9/30/2004,5456
10/15/2004,2651
11/2/2004,6437
11/15/2004,2633
11/23/2004,2279
1/5/2005,4846
2/2/2005,4197
3/3/2005,4598
4/8/2005,5288
5/13/2005,3550
3/18/2003,1722
5/20/2003,2994
7/10/2003,1295
9/11/2003,2672
10/17/2003,1227
11/5/2003,1454
11/12/2003,1830
11/20/2003,2530
12/2/2003,2241
1/16/2004,2400
2/26/2004,1558
4/13/2004,845
7/6/2004,1352
8/6/2004,1585
9/1/2004,2616
10/5/2003,1129
10/16/2004,2219
11/4/2004,2028
11/17/2004,1759
11/24/2004,978
1/12/2005,1463
2/10/2005,3971
4/22/2005,2576
5/29/2005,2234
2/17/2003,2482
4/29/2003,4652
6/27/2003,3858
8/25/2003,3502
10/28/2003,6434
1/12/2004,2659
2/20/2004,3609
4/2/2004,2215
5/11/2004,2748
6/24/2004,3311
7/23/2004,2380
8/21/2004,2311
9/16/2004,4062
10/15/2004,3494
11/1/2004,2872
11/12/2004,4114
11/23/2004,1064
12/4/2004,2008
2/2/2005,4329
3/1/2005,1376
3/30/2005,5552
4/3/2005,3659
5/10/2005,4166
1/9/2003,1404
3/18/2003,710
5/21/2003,1703
9/12/2003,1195
10/18/2003,1007
11/5/2003,977
11/12/2003,1437
11/21/2003,759
12/3/2003,1189
1/26/2004,684
3/2/2004,1227
4/26/2004,975
8/17/2004,578
9/1/2004,1107
10/11/2004,695
10/21/2004,1152
11/4/2004,2624
11/17/2004,3686
11/25/2004,704
12/9/2004,9720
1/12/2005,835
2/16/2005,2258
3/9/2005,8345
4/23/2005,1802
5/29/2005,1210
2/24/2003,3155
4/29/2003,2849
7/1/2003,3570
8/25/2003,3902
10/10/2003,1475
10/28/2003,2187
11/11/2003,1919
11/18/2003,3656
12/1/2003,1847
1/12/2004,1851
2/20/2004,2634
4/3/2004,3154
5/11/2004,2803
6/28/2004,2311
7/23/2004,2399
8/27/2004,2733
9/16/2004,2096
10/15/2004,2971
11/2/2004,2258
11/15/2004,3494
11/24/2004,4399
1/6/2005,3596
2/3/2005,2443
3/3/2005,3989
4/7/2005,5168
5/10/2005,2803
2/11/2003,6341
4/16/2003,5190
6/12/2003,6028
8/8/2003,3366
9/28/2003,5456
10/23/2003,3812
11/7/2003,6083
11/14/2003,3171
11/26/2003,4535
1/2/2004,4301
2/18/2004,6805
3/20/2004,5653
5/7/2004,6960
6/17/2004,4513
7/21/2004,2785
8/20/2004,5316
9/9/2004,2942
10/14/2004,3207
10/29/2004,4215
11/9/2004,4333
11/21/2004,2087
12/2/2004,1711
1/26/2005,3911
2/23/2005,2255
3/23/2005,5721
5/6/2005,3335
1/9/2003,2473
3/18/2003,1730
5/21/2003,996
9/12/2003,2415
10/18/2003,1560
11/5/2003,1113
11/12/2003,1139
11/21/2003,1012
12/3/2003,914
1/26/2004,2349
3/2/2004,1161
4/29/2004,1765
6/4/2004,1691
8/17/2004,2137
9/3/2004,2177
10/11/2004,1734
10/21/2004,865
11/4/2004,3500
11/17/2004,2224
11/25/2004,2312
12/9/2004,828
1/12/2005,857
2/16/2005,1845
3/9/2005,4042
5/29/2005,1828
1/29/2003,3680
4/1/2003,2925
5/28/2003,3416
7/24/2003,5105
9/21/2003,5099
10/22/2003,4662
11/6/2003,2970
11/14/2003,3496
11/25/2003,5761
12/9/2003,6819
2/4/2004,3149
3/11/2004,5704
5/5/2004,3521
6/15/2004,5286
7/20/2004,5605
8/19/2004,2780
9/8/2004,5398
10/13/2004,3190
10/22/2004,5582
11/5/2004,3820
11/19/2004,5528
11/1/2004,5981
12/10/2004,5685
1/23/2005,3449
2/17/2005,2654
5/3/2005,8498
5/31/2005,5511
3/3/2003,2060
5/7/2003,2460
7/2/2003,1788
8/25/2003,1646
10/10/2003,2169
11/4/2003,2816
11/11/2003,2521
11/19/2003,3200
1/15/2004,1338
2/21/2004,2973
4/5/2004,2071
5/26/2004,3093
6/30/2004,2409
8/2/2004,3473
8/27/2004,2263
9/30/2004,2194
10/15/2004,1346
11/3/2004,2534
11/16/2004,3403
11/24/2004,3307
12/7/2004,2897
1/6/2005,2633
2/3/2005,2046
3/4/2005,2280
4/8/2005,2151
3/18/2003,3360
5/21/2003,2326
9/11/2003,1546
10/17/2003,2145
11/5/2003,1639
11/12/2003,2650
11/20/2003,3846
12/2/2003,4527
1/16/2004,3966
3/2/2004,4143
4/13/2004,4442
7/7/2004,3315
8/9/2004,3919
9/1/2004,2830
10/6/2003,5299
10/16/2004,2621
11/4/2004,2181
11/17/2004,3382
11/29/2004,2877
1/19/2005,4107
2/16/2005,1350
4/22/2005,7182
5/29/2005,3934
1/31/2003,1742
4/1/2003,721
6/3/2003,1489
8/1/2003,891
9/21/2003,1209
10/22/2003,859
11/6/2003,1151
11/14/2003,1336
11/25/2003,905
12/9/2003,1247
2/10/2004,847
3/11/2004,1085
5/5/2004,1767
6/15/2004,1030
7/20/2004,1585
8/19/2004,813
9/8/2004,1172
10/13/2004,1511
10/22/2004,1448
11/5/2004,3338
11/19/2004,1225
12/1/2004,1337
12/10/2004,2986
1/23/2005,5546
2/22/2005,6090
3/15/2005,1789
5/3/2005,1082
5/31/2005,1030
2/17/2003,3659
4/28/2003,2444
6/16/2003,2350
8/10/2003,1646
10/6/2003,1670
10/23/2003,1467
11/8/2003,2749
11/14/2003,1522
11/27/2003,3255
1/9/2004,3535
2/19/2004,2609
5/8/2004,1356
6/24/2004,1611
7/21/2004,2603
8/21/2004,2220
9/15/2004,1496
10/14/2004,1884
11/1/2004,2166
11/12/2004,2828
11/23/2004,6214
12/3/2004,1867
1/31/2005,2677
3/1/2005,2182
3/30/2005,1611
4/1/2005,1480
5/9/2005,1424
3/18/2003,5942
5/21/2003,2349
9/11/2003,4392
10/17/2003,2760
11/5/2003,2728
11/12/2003,2396
11/20/2003,3052
12/2/2003,4242
1/22/2004,2790
3/2/2004,4340
4/13/2004,2762
7/7/2004,4646
8/9/2004,5581
9/1/2004,6539
10/6/2003,5549
10/16/2004,4595
11/17/2004,1859
11/29/2004,2094
1/19/2005,4223
2/16/2005,1597
4/22/2005,5820
5/29/2005,5297
3/10/2003,931
5/8/2003,1207
7/2/2003,717
9/5/2003,1067
10/11/2003,1554
11/5/2003,1278
11/12/2003,1579
11/20/2003,918
12/2/2003,777
1/16/2004,1476
2/22/2004,1538
4/12/2004,891
6/1/2004,1707
7/6/2004,1374
8/6/2004,1206
8/30/2004,1427
10/5/2003,1649
10/16/2004,1383
11/4/2004,1230
11/17/2004,1140
11/24/2004,1576
12/7/2004,1387
1/12/2005,5018
2/10/2005,5857
3/4/2005,4895
4/14/2005,2094
5/17/2005,640
2/11/2003,3194
4/28/2003,3067
6/12/2003,3883
8/8/2003,4814
10/2/2003,2826
10/23/2003,1593
11/7/2003,3266
11/14/2003,2454
11/26/2003,3910
1/2/2004,1788
2/19/2004,3328
3/29/2004,3788
5/7/2004,3054
6/17/2004,2006
7/21/2004,2796
8/20/2004,3160
9/10/2004,3909
10/14/2004,2606
10/29/2004,2082
11/9/2004,3520
11/23/2004,10758
12/2/2004,3021
1/31/2005,1892
2/23/2005,4208
3/23/2005,2246
5/6/2005,6107
3/18/2003,1988
5/21/2003,4069
9/11/2003,2282
10/17/2003,1541
11/5/2003,1952
11/12/2003,3108
11/20/2003,2329
12/2/2003,3185
1/16/2004,2150
3/2/2004,3185
4/13/2004,2115
7/7/2004,4257
8/9/2004,2345
9/1/2004,2329
10/6/2003,3575
10/16/2004,2076
11/4/2004,3305
11/17/2004,1539
11/29/2004,3326
1/19/2005,3663
2/16/2005,3479
4/22/2005,1057
5/29/2005,3386
3/3/2003,1892
5/8/2003,1707
7/2/2003,1786
9/5/2003,2057
10/10/2003,3490
11/4/2003,1707
11/12/2003,1507
11/20/2003,2880
12/2/2003,2207
1/15/2004,2351
2/22/2004,1205
4/9/2004,2935
6/1/2004,1264
7/6/2004,2935
8/2/2004,1225
8/30/2004,1359
10/4/2003,1822
10/16/2004,2164
11/3/2004,1592
11/17/2004,3079
11/24/2004,2998
12/7/2004,2748
1/6/2005,2448
2/10/2005,1911
3/4/2005,2431
5/17/2005,2896
2/17/2003,1631
4/28/2003,1460
6/16/2003,1716
8/10/2003,2560
10/6/2003,1900
10/23/2003,2020
11/8/2003,1988
11/14/2003,1450
11/27/2003,1935
1/9/2004,2793
2/19/2004,3025
5/8/2004,1743
6/24/2004,3236
7/21/2004,1736
8/21/2004,2795
9/15/2004,1672
10/14/2004,1577
11/1/2004,3616
11/12/2004,1460
11/23/2004,2891
12/3/2004,2598
12/17/2004,3872
1/31/2005,3036
3/1/2005,2232
3/30/2005,2437
4/1/2005,2174
5/9/2005,1255
3/18/2003,3724
5/21/2003,5203
9/11/2003,3470
10/17/2003,3148
11/5/2003,2167
11/12/2003,6244
11/20/2003,5566
12/2/2003,4369
1/16/2004,4039
2/26/2004,4420
4/13/2004,2342
7/7/2004,5111
8/9/2004,6168
9/1/2004,4873
10/5/2003,2120
10/16/2004,4236
11/4/2004,1889
11/17/2004,1153
11/29/2004,2493
1/19/2005,1992
2/16/2005,3953
4/22/2005,3729
5/29/2005,2617
2/11/2003,3984
4/28/2003,3170
6/12/2003,3900
8/10/2003,1852
10/6/2003,2513
10/23/2003,2432
11/8/2003,1515
11/14/2003,3079
11/26/2003,1900
1/9/2004,1974
2/19/2004,3703
5/7/2004,1755
6/24/2004,4273
7/21/2004,3985
8/20/2004,2408
9/15/2004,1697
10/14/2004,2011
11/1/2004,2306
11/9/2004,1845
11/23/2004,2493
12/2/2004,1509
1/31/2005,2394
2/28/2005,3165
3/23/2005,3351
4/1/2005,3064
5/6/2005,3892
3/3/2003,5449
5/8/2003,5495
7/2/2003,6336
9/5/2003,2907
10/11/2003,4768
11/4/2003,3820
11/12/2003,3862
11/20/2003,6319
12/2/2003,6996
1/16/2004,6950
2/22/2004,4550
4/12/2004,4480
6/1/2004,5148
7/6/2004,2932
8/6/2004,3160
8/30/2004,4297
10/5/2003,7724
10/16/2004,5498
11/4/2004,4053
11/17/2004,3136
11/24/2004,5014
12/7/2004,5303
1/6/2005,2932
2/10/2005,1758
3/4/2005,6763
4/14/2005,11740
5/17/2005,9240
2/17/2003,3242
4/28/2003,1968
6/16/2003,4095
8/10/2003,1853
10/6/2003,3393
10/28/2003,1972
11/8/2003,2170
11/27/2003,2846
1/12/2004,2018
2/19/2004,2719
4/2/2004,1982
5/11/2004,3002
6/24/2004,2948
7/23/2004,3357
8/21/2004,1175
9/15/2004,2293
10/15/2004,3286
11/1/2004,2334
11/12/2004,2675
11/23/2004,4361
12/3/2004,2019
12/17/2004,3711
1/31/2005,2847
3/1/2005,3006
3/30/2005,2798
4/3/2005,3843
5/10/2005,1351
1/6/2003,1689
3/18/2003,1655
5/21/2003,1529
9/12/2003,1013
10/18/2003,1442
11/5/2003,1163
11/12/2003,972
11/21/2003,903
12/2/2003,1296
1/26/2004,1535
3/2/2004,1185
4/20/2004,1699
8/17/2004,1381
9/1/2004,1340
10/6/2004,965
10/21/2004,1094
11/17/2004,3167
11/29/2004,2144
1/19/2005,1718
2/16/2005,4086
4/22/2005,554
5/29/2005,652
1/31/2003,2922
4/4/2003,5569
6/3/2003,1940
8/1/2003,3785
9/25/2003,2802
10/22/2003,2385
11/6/2003,2916
11/14/2003,5796
11/25/2003,3700
12/9/2003,2981
2/12/2004,5033
3/15/2004,4737
5/5/2004,6311
7/20/2004,3071
8/20/2004,4797
9/8/2004,3832
10/13/2004,4641
10/22/2004,4000
11/5/2004,5326
11/20/2004,4619
12/1/2004,3183
12/15/2004,2603
1/23/2005,1409
2/22/2005,1972
3/15/2005,5208
5/3/2005,4253
1/29/2003,2873
3/25/2003,2254
5/28/2003,3576
7/16/2003,3276
9/12/2003,1811
10/20/2003,3845
11/5/2003,2571
11/13/2003,5035
11/21/2003,2279
12/5/2003,3214
1/29/2004,3532
3/10/2004,3407
4/29/2004,3467
6/14/2004,3629
7/16/2004,4675
8/17/2004,1657
9/7/2004,5171
10/11/2004,3343
10/21/2004,4885
11/5/2004,6268
11/18/2004,4424
11/1/2004,1962
12/10/2004,6847
1/20/2005,3477
2/17/2005,4593
5/30/2005,2209
2/17/2003,1658
4/29/2003,2479
6/27/2003,3566
8/25/2003,2797
10/28/2003,3756
1/12/2004,2840
2/20/2004,1716
4/2/2004,3246
5/11/2004,2761
6/28/2004,1808
7/23/2004,1682
8/21/2004,1491
9/16/2004,1666
10/15/2004,3666
11/2/2004,2916
11/12/2004,2617
11/24/2004,3391
12/4/2004,3147
12/17/2004,1562
2/3/2005,10040
3/1/2005,3167
3/30/2005,3521
4/3/2005,4219
5/10/2005,3582
3/3/2003,2130
5/8/2003,2063
7/2/2003,2008
9/5/2003,2005
10/10/2003,1543
11/4/2003,2270
11/11/2003,1992
11/20/2003,2917
1/15/2004,2028
2/22/2004,3235
4/9/2004,2063
5/26/2004,3318
6/30/2004,3914
8/2/2004,3609
8/30/2004,3525
9/30/2004,2587
10/16/2004,4753
11/3/2004,3685
11/17/2004,5715
11/24/2004,3099
12/7/2004,2671
1/6/2005,5154
2/10/2005,4894
3/4/2005,2473
1/29/2003,3224
4/1/2003,3668
5/28/2003,4141
7/24/2003,2830
9/21/2003,3069
10/21/2003,2635
11/6/2003,2437
11/14/2003,4607
11/25/2003,3599
12/9/2003,3964
2/4/2004,2245
3/11/2004,2793
5/4/2004,4134
6/15/2004,3901
7/19/2004,2743
8/19/2004,2402
9/8/2004,2179
10/13/2004,3155
10/22/2004,2366
11/5/2004,1964
11/19/2004,4746
11/1/2004,6387
12/10/2004,4428
1/23/2005,4044
2/17/2005,2708
5/1/2005,2905
5/31/2005,3554
2/24/2003,1858
4/29/2003,2461
6/27/2003,2642
8/25/2003,3099
10/28/2003,3244
11/18/2003,4351
1/12/2004,3676
2/20/2004,2475
4/2/2004,4177
5/11/2004,3282
6/28/2004,2477
7/23/2004,1884
8/27/2004,3659
9/16/2004,2857
10/15/2004,1918
11/2/2004,5305
11/15/2004,2876
11/24/2004,6483
12/4/2004,3734
1/6/2005,6577
2/3/2005,6353
3/2/2005,4176
4/3/2005,4993
5/10/2005,4765
3/3/2003,1173
5/8/2003,1384
7/2/2003,1328
8/25/2003,1110
10/10/2003,1239
11/4/2003,1036
11/11/2003,1546
11/19/2003,1518
1/15/2004,1732
2/21/2004,1695
4/5/2004,1046
5/26/2004,1738
6/30/2004,652
8/2/2004,988
8/27/2004,1518
9/30/2004,1014
10/16/2004,1550
11/3/2004,1108
11/17/2004,4103
11/24/2004,3713
12/7/2004,1514
1/6/2005,2317
2/10/2005,3298
3/4/2005,1827
4/8/2005,1207
1/31/2003,1667
4/1/2003,1560
6/3/2003,2338
8/1/2003,1104
9/21/2003,2618
10/22/2003,2208
11/6/2003,3166
11/14/2003,2071
11/25/2003,1385
12/9/2003,1622
2/10/2004,1932
3/11/2004,1245
5/5/2004,1705
6/15/2004,1753
7/20/2004,1667
8/19/2004,1711
9/8/2004,2327
10/13/2004,2316
10/22/2004,1727
11/5/2004,8844
11/19/2004,2424
12/1/2004,1535
12/15/2004,6359
1/23/2005,1329
2/22/2005,1702
3/15/2005,2260
5/3/2005,925
5/31/2005,482
1/31/2003,3228
4/11/2003,1711
6/3/2003,2054
8/8/2003,3132
9/25/2003,1681
10/22/2003,2351
11/6/2003,1408
11/14/2003,2446
11/25/2003,1804
12/9/2003,2545
2/12/2004,1056
3/15/2004,2801
5/5/2004,1988
7/20/2004,2908
8/20/2004,2147
9/8/2004,2100
10/14/2004,2315
10/22/2004,2327
11/5/2004,5377
11/20/2004,2626
12/2/2004,4406
12/15/2004,4301
1/23/2005,2987
2/22/2005,1587
3/15/2005,1808
5/5/2005,1193
1/29/2003,3403
3/26/2003,1576
5/28/2003,1630
7/24/2003,1701
9/19/2003,2851
10/21/2003,2692
11/6/2003,2174
11/13/2003,3167
11/25/2003,2143
12/5/2003,2118
2/4/2004,2420
3/11/2004,2191
5/4/2004,3043
6/15/2004,1228
7/19/2004,1330
8/19/2004,2793
9/8/2004,2296
10/11/2004,2629
10/22/2004,1912
11/5/2004,8209
11/18/2004,2432
11/1/2004,3140
12/10/2004,5670
1/20/2005,3160
2/17/2005,6800
5/1/2005,1867
5/31/2005,2702
2/17/2003,2406
4/29/2003,2095
6/27/2003,2798
8/13/2003,1637
10/28/2003,2282
1/12/2004,2307
2/20/2004,1321
4/2/2004,2643
5/11/2004,3061
6/24/2004,3164
7/23/2004,1791
8/21/2004,4093
9/16/2004,2234
10/15/2004,3038
11/1/2004,1420
11/12/2004,1948
11/24/2004,2307
12/4/2004,1780
12/17/2004,3544
2/3/2005,3619
3/3/2005,3919
3/30/2005,1483
4/3/2005,4819
5/10/2005,1592
3/3/2003,3670
5/7/2003,2169
7/2/2003,2694
8/25/2003,3251
10/10/2003,2347
11/4/2003,3921
11/11/2003,2515
11/19/2003,3600
1/15/2004,4040
2/21/2004,3337
4/5/2004,3114
5/26/2004,2832
6/30/2004,3331
8/2/2004,4305
8/27/2004,2600
9/30/2004,4382
10/15/2004,4235
11/3/2004,2627
11/17/2004,5027
11/24/2004,2202
12/7/2004,4327
1/7/2005,3425
2/3/2005,4702
3/4/2005,2204
4/8/2005,5189
2/17/2003,1566
4/29/2003,2480
6/27/2003,1355
8/10/2003,1246
10/8/2003,820
10/28/2003,2493
12/1/2003,1114
1/12/2004,1764
2/20/2004,1897
4/2/2004,1449
5/11/2004,1869
6/24/2004,1861
7/23/2004,1725
8/21/2004,1714
9/15/2004,1259
10/15/2004,2051
11/1/2004,1617
11/12/2004,1766
11/24/2004,2025
12/4/2004,3288
12/17/2004,2725
2/3/2005,3224
3/3/2005,3211
3/30/2005,1796
4/3/2005,1980
5/10/2005,1921
1/31/2003,3705
4/4/2003,2844
6/3/2003,6176
8/1/2003,5500
9/21/2003,3220
10/22/2003,4556
11/6/2003,3115
11/14/2003,4948
11/25/2003,5161
12/9/2003,2658
2/12/2004,3983
3/15/2004,3975
5/5/2004,2928
6/15/2004,3055
7/20/2004,3345
8/20/2004,4311
9/8/2004,4983
10/13/2004,4618
10/22/2004,3403
11/5/2004,5190
11/20/2004,3142
12/2/2004,2213
12/15/2004,4897
1/23/2005,2714
2/22/2005,3087
3/17/2005,5693
5/3/2005,3461
5/31/2005,1896
1/31/2003,1706
4/16/2003,1033
6/3/2003,3180
8/8/2003,2091
9/28/2003,1780
10/22/2003,2538
11/6/2003,2449
11/14/2003,972
11/26/2003,2856
1/2/2004,1968
2/12/2004,2056
3/15/2004,2242
5/5/2004,3129
7/20/2004,2443
8/20/2004,2471
9/8/2004,1927
10/14/2004,2052
10/22/2004,2337
11/5/2004,5933
11/21/2004,2297
12/2/2004,6491
12/15/2004,1623
1/26/2005,1406
2/22/2005,2282
3/17/2005,8977
5/5/2005,3256
3/3/2003,2822
5/7/2003,3293
7/2/2003,4224
8/25/2003,3092
10/10/2003,2220
11/4/2003,3866
11/11/2003,1965
11/19/2003,2669
1/15/2004,3222
2/21/2004,3865
4/5/2004,1367
5/26/2004,3476
6/30/2004,4207
8/2/2004,1486
8/27/2004,3078
9/30/2004,3544
10/15/2004,2483
11/3/2004,3478
11/17/2004,3658
11/24/2004,4682
12/9/2004,3938
1/7/2005,4984
2/3/2005,5407
3/4/2005,3491
4/8/2005,2119
2/11/2003,2897
4/28/2003,1917
6/12/2003,1860
8/8/2003,2624
9/28/2003,2781
10/23/2003,3240
11/7/2003,1824
11/14/2003,1134
11/26/2003,1487
1/2/2004,2837
2/19/2004,1943
3/29/2004,2544
5/7/2004,2568
6/17/2004,2108
7/21/2004,1372
8/20/2004,3540
9/10/2004,1959
10/14/2004,2700
10/29/2004,2542
11/9/2004,2340
11/23/2004,2816
12/2/2004,3527
1/31/2005,4628
2/28/2005,1934
3/23/2005,2600
5/6/2005,2640
2/17/2003,3313
4/29/2003,3864
6/27/2003,1863
8/10/2003,3946
10/8/2003,4954
10/28/2003,2762
12/1/2003,3990
1/12/2004,1650
2/20/2004,2535
4/2/2004,2580
5/11/2004,2832
6/24/2004,3361
7/23/2004,2864
8/21/2004,1995
9/15/2004,4297
10/15/2004,2225
11/1/2004,2795
11/12/2004,2762
11/24/2004,2658
12/4/2004,5044
12/17/2004,1211
2/3/2005,3029
3/3/2005,10067
3/30/2005,4121
4/3/2005,1135
5/10/2005,2101
2/11/2003,2034
4/16/2003,3028
6/6/2003,3104
8/8/2003,3612
9/28/2003,2712
10/21/2003,3014
11/7/2003,2739
11/14/2003,2832
11/26/2003,4720
1/2/2004,3222
2/18/2004,2231
3/20/2004,2297
5/7/2004,4157
7/21/2004,2146
8/20/2004,3724
9/9/2004,2085
10/14/2004,3489
10/22/2004,1753
11/10/2004,3469
11/21/2004,2531
12/2/2004,2924
1/26/2005,4497
2/23/2005,6397
3/28/2005,2578
5/6/2005,3534
2/17/2003,3177
4/28/2003,2730
6/16/2003,1892
8/10/2003,2612
10/6/2003,2926
10/23/2003,2940
11/8/2003,3293
11/14/2003,2390
11/26/2003,2172
1/9/2004,2927
2/19/2004,2660
5/8/2004,3838
6/24/2004,4142
7/21/2004,2172
8/20/2004,1883
9/15/2004,3478
10/14/2004,3324
11/1/2004,4196
11/12/2004,4157
11/23/2004,3919
12/3/2004,2353
12/17/2004,1089
1/31/2005,2701
3/1/2005,2487
3/30/2005,3910
4/1/2005,4039
5/9/2005,3070
2/17/2003,3763
4/29/2003,2585
6/16/2003,4428
8/10/2003,2152
10/6/2003,2353
10/28/2003,3431
11/8/2003,1931
11/27/2003,4775
1/12/2004,2593
2/19/2004,3247
4/2/2004,3373
5/11/2004,3909
6/24/2004,2995
7/23/2004,4473
8/21/2004,4577
9/15/2004,2441
10/15/2004,3106
11/1/2004,2706
11/12/2004,4022
11/24/2004,4826
12/3/2004,4935
12/17/2004,2755
2/3/2005,3857
3/1/2005,3102
3/30/2005,1909
4/3/2005,7544
5/10/2005,2457
2/11/2003,2039
4/28/2003,2499
6/12/2003,3838
8/10/2003,2644
10/2/2003,2316
10/23/2003,3225
11/7/2003,2452
11/14/2003,2255
11/26/2003,3940
1/2/2004,3425
2/19/2004,2914
3/29/2004,2390
5/7/2004,2428
6/17/2004,3021
7/21/2004,2611
8/20/2004,3091
9/10/2004,2576
10/14/2004,3232
11/1/2004,3574
11/10/2004,2023
11/23/2004,3718
12/2/2004,2185
1/31/2005,2884
3/1/2005,5018
3/28/2005,1463
5/6/2005,2353
1/29/2003,4461
4/1/2003,4758
5/28/2003,4597
7/24/2003,4115
9/19/2003,2104
10/21/2003,3195
11/6/2003,3611
11/13/2003,2001
11/25/2003,2314
12/5/2003,3872
2/4/2004,2728
3/11/2004,5614
5/4/2004,4629
6/15/2004,3641
7/19/2004,4048
8/19/2004,2321
9/8/2004,3257
10/11/2004,4208
10/22/2004,2974
11/5/2004,4248
11/20/2004,9559
11/1/2004,2651
12/10/2004,3761
1/23/2005,4301
2/17/2005,1865
5/1/2005,3577
5/31/2005,3722
2/17/2003,3987
4/29/2003,3417
6/27/2003,2691
8/25/2003,2753
10/28/2003,4528
11/18/2003,3957
1/12/2004,2818
2/20/2004,3200
4/2/2004,2403
5/11/2004,6056
6/28/2004,5465
7/23/2004,6379
8/27/2004,5393
9/16/2004,3987
10/15/2004,4009
11/2/2004,7119
11/12/2004,4072
11/24/2004,4095
12/4/2004,3302
12/17/2004,3186
2/3/2005,1668
3/3/2005,7155
3/30/2005,2811
4/3/2005,2018
5/10/2005,5643
2/17/2003,3274
4/29/2003,3268
8/10/2003,2688
10/6/2003,3715
10/28/2003,4608
12/1/2003,3131
1/12/2004,2678
2/20/2004,1747
4/2/2004,2944
5/11/2004,2957
6/24/2004,2052
7/23/2004,3165
8/21/2004,1740
9/15/2004,1778
10/15/2004,1831
11/1/2004,3610
11/12/2004,2112
11/24/2004,3644
12/4/2004,3524
12/17/2004,5002
2/3/2005,5209
3/1/2005,3019
3/30/2005,1902
4/3/2005,7084
5/10/2005,2621
2/11/2003,3164
4/21/2003,4219
6/12/2003,3828
8/8/2003,2335
9/28/2003,4408
10/23/2003,2813
11/7/2003,4055
11/14/2003,3892
11/26/2003,2488
1/2/2004,4447
2/19/2004,4187
3/20/2004,4616
5/7/2004,3245
6/17/2004,2204
7/21/2004,3446
8/20/2004,1939
9/10/2004,3474
10/14/2004,2885
10/29/2004,2671
11/10/2004,3440
11/21/2004,2771
12/2/2004,2398
1/31/2005,3276
3/1/2005,4144
3/28/2005,5193
5/6/2005,3029
2/11/2003,2556
4/16/2003,3754
6/12/2003,2562
8/8/2003,3246
9/28/2003,2205
10/23/2003,3003
11/7/2003,2526
11/14/2003,1748
11/26/2003,3267
1/2/2004,2819
2/19/2004,2956
3/20/2004,2885
5/7/2004,3163
6/17/2004,4072
7/21/2004,2969
8/20/2004,3396
9/10/2004,4693
10/14/2004,3516
10/29/2004,3381
11/10/2004,3205
11/21/2004,2588
12/2/2004,2855
1/31/2005,4026
3/1/2005,2864
3/28/2005,3790
5/6/2005,2440
2/17/2003,2949
4/28/2003,1540
6/16/2003,2213
8/10/2003,2920
10/6/2003,3778
10/28/2003,3233
11/8/2003,3431
11/27/2003,2547
1/12/2004,2954
2/19/2004,3183
4/2/2004,2467
5/11/2004,2363
6/24/2004,2487
7/23/2004,2249
8/21/2004,2061
9/15/2004,4071
10/15/2004,2656
11/1/2004,2736
11/12/2004,3349
11/23/2004,2893
12/3/2004,1661
12/17/2004,4277
1/31/2005,2503
3/1/2005,3802
3/30/2005,3145
4/3/2005,2031
5/10/2005,2674
2/17/2003,2527
4/28/2003,1349
6/16/2003,876
8/10/2003,1874
10/6/2003,1671
10/23/2003,1668
11/8/2003,2302
11/14/2003,1460
11/26/2003,1210
1/9/2004,2145
2/19/2004,1416
5/8/2004,1844
6/24/2004,1199
7/21/2004,1875
8/20/2004,2477
9/15/2004,949
10/14/2004,1823
11/1/2004,1486
11/15/2004,3790
11/23/2004,2060
12/3/2004,2579
12/17/2004,2190
1/31/2005,1624
3/1/2005,4358
3/30/2005,1367
4/1/2005,1122
5/9/2005,2420
2/11/2003,1420
4/16/2003,2184
6/12/2003,2079
8/8/2003,1725
9/28/2003,3003
10/23/2003,1846
11/7/2003,2009
11/14/2003,1804
11/26/2003,2110
1/2/2004,2683
2/19/2004,2280
3/20/2004,1193
5/7/2004,1507
6/17/2004,1473
7/21/2004,1697
8/20/2004,1694
9/9/2004,1922
10/14/2004,2083
10/29/2004,2228
11/10/2004,3209
11/21/2004,4081
12/2/2004,2244
1/31/2005,3979
3/1/2005,5418
3/28/2005,2116
5/6/2005,3079
